% Bibliografía

% Este fichero contiene la bibliografía de la memoria
% Está en un formato que se conoce como BibTex.
% Hay muchos sitios web que exportan referencias en formato BibTeX. 
% Prueba a buscar en http://scholar.google.com por referencias
% y verás que lo puedes hacer de manera sencilla.
% Más información: 
% http://texblog.org/2014/04/22/using-google-scholar-to-download-bibtex-citations/

% Existen varias posibilidades para referenciar diferentes tipos de documentos,
% ya que los datos necesarios varían. Así, existen formatos de entrada para
%     * libros (book)
%     * artículos en revistas de investigación (article)
%     * capítulos de libro (incollection)
%     * informes técnicos (techreport)
%     * otros (misc)
%
% Las páginas web deberían ir como misc.

% Una última cosa: no referencias nunca la WikiPedia
% La WikiPedia, como buena enciclopedia, no es fuente primaria.
% Si acaso, busca por citas en la WikiPedia (que sí ha de referenciar fuentes
% primarias) y haz referencia a las mismas.

# GitHub
@inproceedings{lopez2015github,
  title={GitHub como herramienta docente},
  author={Lopez-Pellicer, Francisco J and Béjar, Rubén and Latre, Miguel A and Nogueras-Iso, Javier and Zarazaga-Soria, Francisco Javier},
  booktitle={Actas de las XXI Jornadas de la Enseñanza Universitaria de la Informática},
  pages={66--73},
  year={2015},
  organization={Universitat Oberta La Salle}
}

# Git-blame
@inproceedings{dauber2018git,
  title={Git blame who? stylistic authorship attribution of small, incomplete source code fragments},
  author={Dauber, Edwin and Caliskan, Aylin and Harang, Richard and Greenstadt, Rachel},
  booktitle={Proceedings of the 40th International Conference on Software Engineering: Companion Proceeedings},
  pages={356--357},
  year={2018}
}

# Git-blame II
@article{raula2018git,
  title={Git Blame Scalability},
  author={Raula, Olli},
  year={2018}
}

# Objetivos
@article{poo2010estudio,
  author={Poo Camaño, Gérman Emilio and others},
  title={Estudio empírico de prácticas de desarrollo de software en proyectos de código abierto},
  publisher={Universidad de Concepción-Chile.},
  year=2010
}

# Resultados
@inproceedings{robles2005empirical,
  title={An empirical approach to software archaeology},
  author={Robles, Gregorio and Gonzalez-Barahona, Jesus M and Herraiz, Israel},
  booktitle={Proc. of 21st Int. Conf. on Software Maintenance (ICSM 2005), Budapest, Hungary},
  pages={47--50},
  year={2005}
}

# Conceptos métricas
@TechReport{ghosh02:_developer_survey,
  author = 	 {Rishab Aiyer Ghosh and Ruediger Glott and Bernhard Krieger and Gregorio Robles},
  title = 	 {Survey of Developers (Free/Libre and Open Source Software: Survey and Study)},
  institution =  {International Institute of Infonomics. University of Maastricht},
  year = 	 2002,
  address =	 {The Netherlands},
  month =	 jun,
  note =	 {\\ http://www.infonomics.nl/FLOSS/report}
}

# Conceptos FOSS
@article{share2001open,
  title={Why Open Source Software/Free Software (OSS/FS)? Look at the Numbers!},
  author={Share, Market},
  year={2001}
}

# Conceptos de métricas
@inproceedings{robles2005self,
  title={Self-organized development in libre software:
         a model based on the stigmergy concept},
  author={Robles, Gregorio and Merelo, Juan Juli\'an 
          and Gonz\'alez-Barahona, Jes\'us M.},
  booktitle={ProSim'05},
  year={2005}
}

# Repos FOSS
@TechReport{FOSS_projects,
  author = 	 {Fernando Siles},
  title = 	 {14 de los proyectos Open Source más activos en GitHub},
  year = 	 2017,
  address =	 {Genbeta},
  month =	 nov,
  note =	 {\\ https://www.genbeta.com/desarrollo/14-de-los-proyectos-open-source-que-mas-lo-estan-activos-en-github}
}

